@article{Service2018,
author = {Service, Web and Forecasting, Qos and Using, Approach and Time, Multivariate},
doi = {10.13328/j.cnki.jos.005425},
file = {:Users/pengqinglan/Documents/papers/Service et al/Unknown/Service et al. - Unknown.pdf:pdf},
mendeley-groups = {A a新鲜事物},
number = {Lm},
pages = {1--18},
title = {{一种基于多元时间序列的 Web Service QoS 预测方法}},
year = {2018}
}
