@article{zhenjiang2006oopr,
  title={An OOPR-based rose variety recognition system},
  author={Zhenjiang, Miao and Gandelin, M-H and Baozong, Yuan},
  journal={Engineering Applications of Artificial Intelligence},
  volume={19},
  number={1},
  pages={79--101},
  year={2006},
  publisher={Elsevier}
}